%%   Saharon Shelah's bibliography
%% (public version of listb.bib)
% generated on:  24 Jun 2012,   8:59 GMT


% Disclaimer:   This bibliography has its
% own idiosyncrasies.   For example, all titles
% are enclosed in double braces, thus ensuring that capitalization
% is maintained.    Also: even unpublished papers will be
% called "article".


@Preamble{"\def\germ{\frak} \def\scr{\cal}
 \ifx\documentclass\undefinedcs
      \def\bf{\fam\bffam\tenbf}\def\rm{\fam0\tenrm}\fi
                          % f**k-amstex!
 \def\defaultdefine#1#2{\expandafter\ifx\csname#1\endcsname\relax
 \expandafter\def\csname#1\endcsname{#2}\fi}
 \defaultdefine{Bbb}{\bf}   \defaultdefine{frak}{\bf}
  \defaultdefine{=}{\B}   % doublef**k-amstex!!
  \defaultdefine{mathfrak}{\frak}
       \defaultdefine{mathbb}{\bf}
       \defaultdefine{mathcal}{\cal}
      \defaultdefine{beth}{BETH}\defaultdefine{cal}{\bf}
     \def\bbfI{{\Bbb I}}   \def\mbox{\hbox}  \def\text{\hbox}
   \def\om{\omega}    \def\Cal#1{{\bf #1}} \def\pcf{pcf}
        \defaultdefine{cf}{cf}
    \defaultdefine{reals}{{\Bbb R}} \defaultdefine{real}{{\Bbb R}}
   \def\restriction{{|}}  \def\club{CLUB}
   \def\w{\omega} \def\exist{\exists}
   \def\se{{\germ se}}     \def\bb{{\bf b}}
   \def\equivalence{\equiv}
   \let\lt<  \let\gt>
           "}

@article{CEE:1,
author = {Commission europ\'eenne},  
title = {http://www.eea.europa.eu/themes/water/interactive/bathing/state-of-bathing-waters},
 
year = {2013},
},

@article{ZigBee:1,
author = {http://Digi.com},    
title = {Product Manual: XBee / XBee-PRO ZB RF Modules}, 
year = {2013},
},
 

@article{Hiep:1,
author = {Hiep Huynh},
ams-subject = {(02.35)},
journal = {Vietnam Journal of Mathematics and wireless communications},
review = {MR 41-6674},
pages = {75--79},
title = {On languages with non-homogeneous strings of quantifiers},
volume = {8},
year = {1990},
},

@article{Long:5,
author = {Van Nguyen Long Huu},
ams-subject = {(02.50)},
journal = {Pacific Journal of Embedded Systems},
review = {MR 42-2932},
pages = {541--545},
title = {A note on Satellites and Sensor communication frequencies},
volume = {34},
year = {1970},
},
 
@MastersThesis{AhmedFire,
author = {Ahmed Ahmed},  
title = {Simulation et mod\'elisation de diffusions physiques (in english)}, 
address={http://wsn.univ-brest.fr/TER-rapports/ahmedReport.pdf},
school={UBO, Dept informatique},
month= June,
year = {2013},
},
 
